
@inbook{heelis1998,
	title = {Measurements of thermal ion drift velocity and temperature using planar sensors},
	author = {Heelis, R. A. and Hanson, W. B.},
	year = {1998},
	date = {1998},
	publisher = {American Geophysical Union (AGU)},
	pages = {61--71},
	url = {https://onlinelibrary.wiley.com/doi/abs/10.1029/GM102p0061},
	note = {{\_}eprint: https://onlinelibrary.wiley.com/doi/pdf/10.1029/GM102p0061
DOI: 10.1029/GM102p0061},
	langid = {canadian}
}