
@inbook{heelis1998,
	title = {Measurements of thermal ion drift velocity and temperature using planar sensors},
	author = {Heelis, R. A. and Hanson, W. B.},
	year = {1998},
	date = {1998},
	publisher = {American Geophysical Union (AGU)},
	pages = {61--71},
	url = {https://onlinelibrary.wiley.com/doi/abs/10.1029/GM102p0061},
	note = {{\_}eprint: https://onlinelibrary.wiley.com/doi/pdf/10.1029/GM102p0061
DOI: 10.1029/GM102p0061},
	langid = {canadian}
}
@article{burch2016,
	title = {Electron-scale measurements of magnetic reconnection in space},
	author = {Burch, J. L. and Torbert, R. B. and Phan, T. D. and Chen, L.-J. and Moore, T. E. and Ergun, R. E. and Eastwood, J. P. and Gershman, D. J. and Cassak, P. A. and Argall, M. R. and Wang, S. and Hesse, M. and Pollock, C. J. and Giles, B. L. and Nakamura, R. and Mauk, B. H. and Fuselier, S. A. and Russell, C. T. and Strangeway, R. J. and Drake, J. F. and Shay, M. A. and Khotyaintsev, Yu. V. and Lindqvist, P.-A. and Marklund, G. and Wilder, F. D. and Young, D. T. and Torkar, K. and Goldstein, J. and Dorelli, J. C. and Avanov, L. A. and Oka, M. and Baker, D. N. and Jaynes, A. N. and Goodrich, K. A. and Cohen, I. J. and Turner, D. L. and Fennell, J. F. and Blake, J. B. and Clemmons, J. and Goldman, M. and Newman, D. and Petrinec, S. M. and Trattner, K. J. and Lavraud, B. and Reiff, P. H. and Baumjohann, W. and Magnes, W. and Steller, M. and Lewis, W. and Saito, Y. and Coffey, V. and Chandler, M.},
	year = {2016},
	month = {06},
	date = {2016-06-03},
	journal = {Science},
	pages = {aaf2939},
	volume = {352},
	number = {6290},
	doi = {10.1126/science.aaf2939},
	url = {https://www.science.org/doi/10.1126/science.aaf2939},
	note = {459 citations (Crossref) [2023-01-27]
Publisher: American Association for the Advancement of Science
Citation Key: burchElectronscaleMeasurementsMagnetic2016}
}
